@article{Dantan2009,
  title = {Worst-Case and Statistical Tolerance Analysis Based on Quantified Constraint Satisfaction Problems and {{Monte Carlo}} Simulation},
  author = {Dantan, J.-Y. and Qureshi, A.-J.},
  date = {2009-01},
  journaltitle = {Computer-Aided Design},
  shortjournal = {Computer-Aided Design},
  volume = {41},
  number = {1},
  pages = {1--12},
  issn = {00104485},
  doi = {10.1016/j.cad.2008.11.003},
  url = {https://linkinghub.elsevier.com/retrieve/pii/S0010448508002078},
  urldate = {2022-09-30},
  langid = {english},
  file = {/home/maxwe/Zotero/storage/IPZL3VSX/Dantan und Qureshi - 2009 - Worst-case and statistical tolerance analysis base.pdf}
}

@thesis{Dobler1998,
  type = {Diplomarbeit},
  title = {Modellierung des dynamischen Zusammenwirkens der Einflußgrößen des Walzvorgangs auf die Endtoleranz in Hochgeschwindigkeits-Walzmaschinen},
  author = {Dobler, Andreas},
  date = {1998},
  institution = {{Universität Duisburg-Essen}},
  location = {{Duisburg}},
  langid = {ngerman},
  pagetotal = {54},
  file = {/home/maxwe/Zotero/storage/DN4FREQ2/Dobler - 1998 - Modellierung des dynamischen Zusammenwirkens der E.pdf}
}

@book{Hensel1978,
  title = {Kraft- und Arbeitsbedarf bildsamer Formgebungsverfahren},
  author = {Hensel, A. and Spittel, T.},
  date = {1978},
  publisher = {{VEB Deutscher Verlag für Grundstoffindustrie}},
  location = {{Leipzig}},
  langid = {ngerman},
  file = {/home/maxwe/Zotero/storage/HJ78FKIE/Hensel_Spittel_1978_Kraft- und Arbeitsbedarf bildsamer Formgebungsverfahren.pdf}
}

@book{Hensel1990,
  title = {Technologie der Metallformung},
  author = {Hensel, A. and Poluchin, P. and Poluchin, W.},
  date = {1990},
  edition = {1},
  volume = {1},
  publisher = {{Deutscher Verlag für Grundstoffindustrie}},
  location = {{Leipzig}},
  isbn = {3-342-00311-1},
  langid = {ngerman},
  file = {/home/maxwe/Zotero/storage/3MMAIY4V/Hensel et al_1990_Technologie der Metallformung.pdf}
}

@report{Hitchcock1935,
  type = {Report of Special Research Committee on Roll Neck Bearings},
  title = {Roll Neck Bearings},
  author = {Hitchcock, J. H. and Trinks, W.},
  date = {1935},
  pages = {51},
  institution = {{ASME}},
  location = {{New York}},
  langid = {english},
  file = {/home/maxwe/Zotero/storage/Y34CF8LY/Roll neck bearings\; report of A. S. M. E. Special .pdf}
}

@article{Ku1966,
  title = {Notes on the Use of Propagation of Error Formulas},
  author = {Ku, H. H.},
  date = {1966-10},
  journaltitle = {Journal of Research of the National Bureau of Standards, Section C: Engineering and Instrumentation},
  shortjournal = {J. RES. NATL. BUR. STAN. SECT. C. ENG. INSTR.},
  volume = {70C},
  number = {4},
  pages = {263},
  issn = {0022-4316},
  doi = {10.6028/jres.070C.025},
  url = {https://nvlpubs.nist.gov/nistpubs/jres/70C/jresv70Cn4p263_A1b.pdf},
  urldate = {2023-04-12},
  langid = {english},
  file = {/home/maxwe/Zotero/storage/IETJWCDG/Ku - 1966 - Notes on the use of propagation of error formulas.pdf}
}

@book{Lemieux2009,
  title = {Monte {{Carlo}} and {{Quasi-Monte Carlo Sampling}}},
  author = {Lemieux, C.},
  date = {2009},
  publisher = {{Springer New York}},
  doi = {10.1007/978-0-387-78165-5},
  isbn = {978-0-387-78165-5},
  file = {/home/maxwe/Zotero/storage/L9JWANYP/Lemieux_2009_Monte Carlo and Quasi-Monte Carlo Sampling.pdf}
}

@article{Lendl1948,
  title = {Rolled {{Bars}} - {{Part I}} - {{Calculation}} of {{Spread}} between Non Parallel Roll Surfaces},
  author = {Lendl, A. E.},
  date = {1948},
  journaltitle = {Iron and Steel},
  volume = {21},
  number = {14},
  pages = {397--402},
  file = {/home/maxwe/Zotero/storage/K34QNP7J/Lendel1948-Rolled-Bars-I.pdf}
}

@article{Lendl1948a,
  title = {Rolled {{Bars}} - {{Part II}} - {{Application}} of {{Spread Calculation}} to {{Pass Design}}},
  author = {Lendl, A. E.},
  date = {1948},
  journaltitle = {Iron and Steel},
  volume = {21},
  number = {14},
  pages = {601--604},
  issn = {0021-1532},
  file = {/home/maxwe/Zotero/storage/YIUFYGN6/Lendl - 1948 - Rolled Bars - Part II - Application of Spread Calc.pdf}
}

@article{Lendl1949,
  title = {Rolled {{Bars}} - {{Part III}} - {{Application}} of {{Spread Calculation}} to {{Diamond Passes}}},
  author = {Lendl, A. E.},
  date = {1949},
  journaltitle = {Iron and Steel},
  volume = {22},
  number = {12},
  pages = {499--501},
  issn = {0021-1532},
  file = {/home/maxwe/Zotero/storage/RV7LBQ3I/Lendl - 1949 - Rolled Bars - Part III - Application of Spread Cal.pdf}
}

@article{Lin1997,
  title = {Study of an Assembly Tolerance Allocation Model Based on {{Monte Carlo}} Simulation},
  author = {Lin, C.-Y. and Huang, W.-H. and Jeng, M.-C. and Doong, J.-L.},
  date = {1997-10-01},
  journaltitle = {Journal of Materials Processing Technology},
  shortjournal = {Journal of Materials Processing Technology},
  volume = {70},
  number = {1},
  pages = {9--16},
  issn = {0924-0136},
  doi = {10.1016/S0924-0136(97)00034-4},
  url = {https://www.sciencedirect.com/science/article/pii/S0924013697000344},
  urldate = {2022-12-02},
  langid = {english},
  keywords = {Assembly tolerance allocation,Model,Monte Carlo method},
  file = {/home/maxwe/Zotero/storage/S5KM8VUV/Lin et al_1997_Study of an assembly tolerance allocation model based on Monte Carlo simulation.pdf}
}

@software{pyroll,
  title = {{{PyRolL}}},
  author = {Weiner, M. and {Renzing, C.} and Stirl, M. and Schmidtchen, M.},
  url = {https://pyroll-project.github.io},
  organization = {{Institute of Metal Forming, TU Bergakademie Freiberg}},
  version = {1.0.5}
}

@software{pyroll2,
  title = {{{PyRolL}}},
  author = {Weiner, M. and {Renzing, C.} and Stirl, M. and Schmidtchen, M.},
  date = {2023},
  doi = {10.5281/zenodo.7817100},
  url = {https://pyroll.readthedocs.io},
  organization = {{Institute of Metal Forming, TU Bergakademie Freiberg}},
  version = {2.0.2}
}

@article{Qureshi2012,
  title = {A Statistical Tolerance Analysis Approach for Over-Constrained Mechanism Based on Optimization and {{Monte Carlo}} Simulation},
  author = {Qureshi, A.-J. and Dantan, J.-Y. and Sabri, V. and Beaucaire, P. and Gayton, N.},
  date = {2012-02-01},
  journaltitle = {Computer-Aided Design},
  shortjournal = {Computer-Aided Design},
  volume = {44},
  number = {2},
  pages = {132--142},
  issn = {0010-4485},
  doi = {10.1016/j.cad.2011.10.004},
  url = {https://www.sciencedirect.com/science/article/pii/S0010448511002636},
  urldate = {2022-12-02},
  langid = {english},
  keywords = {First order logic,Monte Carlo simulation,Optimization,Statistical analysis,Tolerance analysis},
  file = {/home/maxwe/Zotero/storage/BCV5UF2U/Qureshi et al_2012_A statistical tolerance analysis approach for over-constrained mechanism based.pdf;/home/maxwe/Zotero/storage/9RS2YLUH/S0010448511002636.html}
}

@article{Rausch2019,
  title = {Monte {{Carlo}} Simulation for Tolerance Analysis in Prefabrication and Offsite Construction},
  author = {Rausch, C. and Nahangi, M. and Haas, C. and Liang, W.},
  date = {2019-07},
  journaltitle = {Automation in Construction},
  shortjournal = {Automation in Construction},
  volume = {103},
  pages = {300--314},
  issn = {09265805},
  doi = {10.1016/j.autcon.2019.03.026},
  url = {https://linkinghub.elsevier.com/retrieve/pii/S092658051831121X},
  urldate = {2022-09-30},
  abstract = {Producing assemblies that experience little to no rework during assembly fit-up is a perennial challenge in offsite construction. While the traditional response has been to solve geometric issues onsite at the expense of large rework costs, manufacturing optimisation techniques can mitigate these issues upstream. Tolerance analysis is one such method that is widely used in manufacturing to predict if problems will occur from the accumulation of tolerances and dimensional variability. This article demonstrates Monte Carlo tolerance simulation on a prefabricated construction assembly, where variations up to 37 mm are identified compared to as-built deviations which range up to 30 mm. Process optimisation is also explored, where risk of rework related to dimensional variability is reduced by 65.6\% through selection of alternate fabrication processes. To compare the Monte Carlo method to traditional analysis methods, a simplified 1-D tolerance analysis is used. Compared to an as-built deviation of roughly 11 mm, the Monte Carlo method produces a conservative value of 15.4 mm, while other traditional methods are either overly conservative (worst-case tolerance chain has a deviation of 19.8 mm), or overly ambitious (root sum square tolerance chain has a deviation of 4.6 mm). Tolerance analysis through Monte Carlo simulation is shown to be a proactive design tool with several key advantages for prefabricated and offsite construction. First, complex three-dimensional geometric interactions can be readily modelled using very basic tolerance configurations. Secondly, potential misalignments at key connection points can be identified and quantified in terms of a probability distribution of variation. Finally, design improvements can be achieved by comparing alternate construction processes to mitigate the risk of assembly rework.},
  langid = {english},
  file = {/home/maxwe/Zotero/storage/8M2W99H3/Rausch et al. - 2019 - Monte Carlo simulation for tolerance analysis in p.pdf}
}

@article{Shen2005,
  title = {A {{Comparative Study Of Tolerance Analysis Methods}}},
  author = {Shen, Zhengshu and Ameta, Gaurav and Shah, J. J. and Davidson, J. K.},
  date = {2005-05-16},
  journaltitle = {Journal of Computing and Information Science in Engineering},
  shortjournal = {Journal of Computing and Information Science in Engineering},
  volume = {5},
  number = {3},
  pages = {247--256},
  issn = {1530-9827},
  doi = {10.1115/1.1979509},
  url = {https://doi.org/10.1115/1.1979509},
  urldate = {2022-12-02},
  file = {/home/maxwe/Zotero/storage/4HAF754H/Shen et al_2005_A Comparative Study Of Tolerance Analysis Methods.pdf;/home/maxwe/Zotero/storage/5QR42UHB/A-Comparative-Study-Of-Tolerance-Analysis-Methods.html}
}

@incollection{Spittel2009,
  title = {Steel Symbol/Number: {{C45}}/1.0503},
  shorttitle = {Steel Symbol/Number},
  booktitle = {Metal {{Forming Data}} of {{Ferrous Alloys}} - Deformation Behaviour},
  author = {Spittel, M. and Spittel, T.},
  editor = {Warlimont, H.},
  date = {2009},
  volume = {2C1},
  pages = {210--215},
  publisher = {{Springer Berlin Heidelberg}},
  location = {{Berlin, Heidelberg}},
  doi = {10.1007/978-3-540-44760-3_26},
  url = {http://materials.springer.com/lb/docs/sm_lbs_978-3-540-44760-3_26},
  urldate = {2023-04-25},
  editorb = {Martienssen, W.},
  editorbtype = {redactor},
  isbn = {978-3-540-44758-0 978-3-540-44760-3},
  file = {/home/maxwe/Zotero/storage/3UU5MEXG/Spittel and Spittel - 2009 - Steel symbolnumber C451.0503.pdf}
}

@article{Weiner2022,
  title = {A {{New Approach}} for {{Sintering Simulation}} of {{Irregularly Shaped Powder Particles}} -- {{Part I}}: {{Model Development}} and {{Case Studies}}},
  author = {Weiner, M. and Schmidtchen, M. and Prahl, U.},
  date = {2022-02},
  journaltitle = {Advanced Engineering Materials},
  pages = {2101513},
  publisher = {{Wiley}},
  doi = {10.1002/adem.202101513},
  file = {/home/maxwe/Zotero/storage/S9EKKZXJ/Weiner et al_2022_A New Approach for Sintering Simulation of Irregularly Shaped Powder.pdf;/home/maxwe/Zotero/storage/VRLLCE6U/Weiner et al_2022_A New Approach for Sintering Simulation of Irregularly Shaped Powder.pdf}
}

@article{Weiner2022b,
  title = {A {{New Approach}} for {{Sintering Simulation}} of {{Irregularly Shaped Powder Particles}} -- {{Part II}}: {{Statistical Powder Modelling}}},
  shorttitle = {A New Approach for Sintering Simulation of Irregularly Shaped Powder Particles ‐ {{Part II}}},
  author = {Weiner, M. and Zienert, T. and Schmidtchen, M. and Hubálková, J. and Aneziris, C. G. and Prahl, U.},
  date = {2022-05-25},
  journaltitle = {Advanced Engineering Materials},
  shortjournal = {Adv Eng Mater},
  pages = {adem.202200443},
  issn = {1438-1656, 1527-2648},
  doi = {10.1002/adem.202200443},
  url = {https://onlinelibrary.wiley.com/doi/10.1002/adem.202200443},
  urldate = {2022-05-27},
  langid = {english},
  file = {/home/maxwe/Zotero/storage/HNX5GG9Z/Weiner et al_2022_A new approach for sintering simulation of irregularly shaped powder particles.pdf}
}

@dataset{WeinerVariationSupplemental2023,
  title = {Supplemental {{Material}} to '{{Estimation}} of {{Rolling Process Variation}} by {{Usage}} of a {{Monte-Carlo Method}}' in  ***},
  author = {Weiner, M. and Renzing, C. and Pfeifer, R. and Schmidtchen, M. and Prahl, U.},
  date = {2023},
  url = {https://placeholder}
}

@book{Wusatowski1969,
  title = {Fundamentals of {{Rolling}}},
  author = {Wusatowski, Z.},
  date = {1969},
  volume = {1},
  publisher = {{Pergamon Press}},
  location = {{London}},
  isbn = {978-0-08-012276-2},
  file = {/home/maxwe/Zotero/storage/7TFPX2ZA/Wusatowski and Se - 2021 - fundamentals o f · r ο 11.pdf}
}

@article{Yan2015,
  title = {Application of {{Monte Carlo Method}} in {{Tolerance Analysis}}},
  author = {Yan, H. and Wu, X. and Yang, J.},
  date = {2015-01-01},
  journaltitle = {Procedia CIRP},
  shortjournal = {Procedia CIRP},
  series = {13th {{CIRP}} Conference on {{Computer Aided Tolerancing}}},
  volume = {27},
  pages = {281--285},
  issn = {2212-8271},
  doi = {10.1016/j.procir.2015.04.079},
  url = {https://www.sciencedirect.com/science/article/pii/S2212827115003418},
  urldate = {2022-12-02},
  langid = {english},
  keywords = {Geometric tolerance,Monte-Carlo Simulation Method,Tolerance analysis},
  file = {/home/maxwe/Zotero/storage/F6DM84HS/Yan et al_2015_Application of Monte Carlo Method in Tolerance Analysis.pdf;/home/maxwe/Zotero/storage/HKI7YDLA/S2212827115003418.html}
}

@book{Zouhar1960,
  title = {Umformungskräfte beim Walzen in Streckkaliberreihen},
  author = {Zouhar, G.},
  date = {1960},
  volume = {1},
  publisher = {{Akademie Verlag Berlin}},
  location = {{Berlin}},
  langid = {ngerman},
  file = {/home/maxwe/Zotero/storage/R2WIIYMX/Zouhar - 1960 - Umformungskräfte beim Walzen in Streckkaliberreihe.pdf}
}
